
%Aigaion2 BiBTeX export from Publications
%Tuesday 27 November 2012 04:08:17 PM

@MISC{origin,
     author = {Nothdurft, Florian and Bertrand, Gregor and Lang, Helmut and Minker, Wolfgang},
      month = jun,
      title = {Adaptive Explanation Architecture for Maintaining Human-Computer Trust},
  booktitle = {36th Annual IEEE Computer Software and Applications Conference},
     series = {COMPSAC},
       year = {2012},
   location = {Izmir}
}
